<?xml version="1.0" encoding="UTF-8"?>
<record xmlns="http://www.loc.gov/MARC21/slim" xmlns:xsi="http://www.w3.org/2001/XMLSchema-instance" xsi:schemaLocation="http://www.loc.gov/MARC21/slim http://www.loc.gov/standards/marcxml/schema/MARC21slim.xsd">
<leader>     nam a2200229 a 4500</leader>
<controlfield tag="001">001699462</controlfield>
<controlfield tag="003">NNU</controlfield>
<controlfield tag="005">20061010171209.0</controlfield>
<controlfield tag="008">010201s1954    sy            000 0 araod</controlfield>
<datafield tag="035" ind1="9" ind2=" ">
<subfield code="a">NYUb12247475</subfield>
</datafield>
<datafield tag="035" ind1=" " ind2=" ">
<subfield code="a">(CStRLIN)NYUG01-B625</subfield>
</datafield>
<datafield tag="040" ind1=" " ind2=" ">
<subfield code="a">MiU</subfield>
<subfield code="c">MiUd</subfield>
<subfield code="d">NNU</subfield>
</datafield>
<datafield tag="066" ind1=" " ind2=" ">
<subfield code="c">(3</subfield>
</datafield>
<datafield tag="090" ind1=" " ind2=" ">
<subfield code="a">PJ6161</subfield>
<subfield code="b">.N3</subfield>
</datafield>
<datafield tag="100" ind1="1" ind2=" ">
<subfield code="6">880-01</subfield>
<subfield code="a">Nakhla, Rafaël.</subfield>
</datafield>
<datafield tag="245" ind1="1" ind2="0">
<subfield code="6">880-02</subfield>
<subfield code="a">Arbaʻat ālāf ʻarbāwīyah :</subfield>
<subfield code="b">ay taʻbīr mukhtaṣ bi-al-lughah al-ʻArabīyah /</subfield>
<subfield code="c">bi-qalam Rafāī̕l Nakhlah al-Yasūʻī.</subfield>
</datafield>
<datafield tag="260" ind1=" " ind2=" ">
<subfield code="6">880-03</subfield>
<subfield code="a">Ḥalab :</subfield>
<subfield code="b">Maṭbʻat al-Iḥsān,</subfield>
<subfield code="c">1954.</subfield>
</datafield>
<datafield tag="300" ind1=" " ind2=" ">
<subfield code="a">128 p. ;</subfield>
<subfield code="c">22 cm.</subfield>
</datafield>
<datafield tag="650" ind1=" " ind2="0">
<subfield code="a">Arabic language</subfield>
<subfield code="v">Terms and phrases.</subfield>
</datafield>
<datafield tag="880" ind1="1" ind2=" ">
<subfield code="6">100-01/</subfield>
<subfield code="a">نخله، رفائيل.</subfield>
</datafield>
<datafield tag="880" ind1="1" ind2="0">
<subfield code="6">245-02/</subfield>
<subfield code="a">اربعة الاف عرباوية :</subfield>
<subfield code="b">بتعبير مختص باللغة العربية /</subfield>
<subfield code="c">تاليف رفائيل نخله اليسوعى.</subfield>
</datafield>
<datafield tag="880" ind1=" " ind2=" ">
<subfield code="6">260-03/</subfield>
<subfield code="a">حلب :</subfield>
<subfield code="b">مكتبة الاحسان،</subfield>
<subfield code="c">١٩٥٤.</subfield>
</datafield>
<datafield tag="OWN" ind1=" " ind2=" ">
<subfield code="a">GENERAL</subfield>
</datafield>
<datafield tag="998" ind1=" " ind2=" ">
<subfield code="a">20010201</subfield>
<subfield code="d">20010201</subfield>
<subfield code="d">20010419</subfield>
<subfield code="n">NNU</subfield>
<subfield code="s">1</subfield>
<subfield code="t">c</subfield>
<subfield code="z">p</subfield>
</datafield>
<datafield tag="AVA" ind1=" " ind2=" ">
<subfield code="a">NYU50</subfield>
<subfield code="b">BOBST</subfield>
<subfield code="c">Main Collection</subfield>
<subfield code="d">PJ6161 .N3</subfield>
<subfield code="e">unavailable</subfield>
<subfield code="t">Unavailable</subfield>
<subfield code="f">1</subfield>
<subfield code="g">1</subfield>
<subfield code="h">N</subfield>
<subfield code="i">0</subfield>
<subfield code="j">MAIN</subfield>
</datafield>
</record>
